
}



@article{VorPRL12,
  title         =   {Nondivergent Cherenkov Radiation in a Wire Metamaterial},
  author        =   {Vorobev, Viktor V. and Tyukhtin, Andrey V.},
  journal       =   {Phys. Rev. Lett.},
  volume        =   {108},
  pages         =   {184801},
  numpages      =   {4},
  year          =   {2012},
  month         =   {May},
  doi           =   {10.1103/PhysRevLett.108.184801},
  url           =   {http://link.aps.org/doi/10.1103/PhysRevLett.108.184801},
  publisher     =   {American Physical Society}
}


@article{VorJOSA13,
  title         =   {Cherenkov radiation in a metamaterial comprised of coated wires},
  author        =   {Tyukhtin, Andrey V. and Vorobev, Viktor V.},
  journal       =   {J. Opt. Soc. Am. B},
  volume        =   {30},
  issue         =   {6},
  pages         =   {1524-1531},
  numpages      =   {8},
  year          =   {2013},
  month         =   {April},
  doi           =   {10.1364/JOSAB.30.001524},
  url           =   {http://dx.doi.org/10.1364/JOSAB.30.001524},
  publisher     =   {Optical Society of America}
}


@article{VorPRE14,
  title         =   {Radiation of charges moving along the boundary of a wire metamaterial},
  author        =   {Tyukhtin, Andrey V. and Vorobev, Viktor V.},
  journal       =   {Phys. Rev. E},
  volume        =   {89},
  pages         =   {013202},
  numpages      =   {8},
  year          =   {2014},
  month         =   {January},
  doi           =   {10.1103/PhysRevE.89.013202},
  url           =   {http://journals.aps.org/pre/abstract/10.1103/PhysRevE.89.013202},
  publisher     =   {American Physical Society}
}


@article{VorPRSTAB14,
  title         =   {Radiation excited by a charged-particle bunch on a planar periodic wire structure},
  author        =   {Tyukhtin, Andrey V. and Vorobev, Viktor V. and Galyamin, Sergey N.},
  journal       =   {Phys. Rev. ST Accel. Beams},
  volume        =   {17},
  issue         =   {12},
  pages         =   {122802},
  numpages      =   {9},
  year          =   {2014},
  month         =   {Dec},
  publisher     =   {American Physical Society},
  doi           =   {10.1103/PhysRevSTAB.17.122802},
  url           =   {http://link.aps.org/doi/10.1103/PhysRevSTAB.17.122802}
}

@article{VorPRE15,
  title         =   {Radiation of charged-particle bunches passing perpendicularly by the edge of a semi-infinite planar wire structure},
  author        =   {Tyukhtin, Andrey V. and Vorobev, Viktor V. and Galyamin, Sergey N.},
  journal       =   {Phys. Rev. E},
  volume        =   {91},
  issue         =   {6},
  pages         =   {063202},
  numpages      =   {7},
  year          =   {2015},
  month         =   {Jun},
  publisher     =   {American Physical Society},
  doi           =   {10.1103/PhysRevE.91.063202},
  url           =   {http://link.aps.org/doi/10.1103/PhysRevE.91.063202}
}
