



@BOOK{Kontorovich,
   author       =   {M. I. Kontorovich and M. I. Astrakhan and V. P. Akimov and G. A. Fersman},
   year         =   1987,
   title        =   {Electrodynamics of grid structures [in Russian]},
   publisher    =   {Radio Svyaz’, Moscow}
}

@BOOK{Zrelov,
   author       =   {V. P. Zrelov},
   year         =   1970,
   title        =   {Vavilov-Cherenkov Radiation in High-Energy Physics},
   publisher    =   {Israel Program for Scientific Translations, Jerusalem}
}

@BOOK{Prudnikov2,
  author =       {Прудников, А.П. and Брычков, Ю.А. and Маричев, О.И.},
  title =        {Интегралы и ряды: специальные функции},
  publisher =    {Наука},
  year =         {1983},
  address =      {М.},
  numpages =     {751},
  language =     {russian}
}

@BOOK{Prudnikov1,
  author =       {Прудников, А.П. and Брычков, Ю.А. and Маричев, О.И.},
  title =        {Интегралы и ряды: элементарные функции},
  publisher =    {Наука},
  year =         {1981},
  address =      {М.},
  numpages =     {800},
  language =     {russian}
}


@BOOK{Felsen,
    author      =   {Felsen, L. B. and Marcuwitz, N.},
    title       =   {Radiation and scattering of waves},
    publisher   =   {Englewood Cliffs, New Jersey: Prentice-Hall inc.},
    year        =   1973,
}

@BOOK{Ginzburg,
    author      =   {Ginzburg, V. L. and Tsytovich, V. N.},
    title       =   {Transition Radiation and Transition Scattering},
    publisher   =   {Adam Hilger},
    year        =   1990,
}

@BOOK{Mittra,
    title       =   {Analytical techniques in the theory of guided waves},
    author      =   {Mittra, R. and Lee, S.W.},
    lccn        =   {70116784},
    series      =   {Macmillan series in electrical science},
    url         =   {http://books.google.ru/books?id=R-c8AAAAIAAJ},
    year        =   {1971},
    publisher   =   {Macmillan}
}

@BOOK{WeinsteinFact,
    title       =   {The theory of diffraction and the factorization method: (Generalized Wiener-Hopf technique). Transl. from the Russian by Petr Beckmann},
    author      =   {Weinstein, L.A.},
    series      =   {Golem ser.in electromagnetics. Vol.3},
    url         =   {https://books.google.ru/books?id=CGmdoAEACAAJ},
    year        =   {1969},
    publisher   =   {Golem Press}
}

@BOOK{Noble,
    title       =   {Methods Based on the Wiener-Hopf Technique for the Solution of Partial Differential Equations},
    author      =   {Noble, B.},
    isbn        =   {9780828403320},
    series      =   {AMS Chelsea Publishing Series},
    year        =   {1988},
    publisher   =   {Chelsea Publishing Company}
}













@article{Cherenkov34,
    title       =   {Видимое свечение чистых жидкостей под действием $\gamma$-радиации},
    author      =   {Черенков, П.А.},
    journal     =   {ДАН СССР},
    volume      =   {2},
    number      =   {8},
    pages       =   {451--454},
    numpages    =   {4},
    year        =   {1934},
    language    =   {russian}
}

@article{Vavilov34,
    title       =   {О возможных причинах синего $\gamma$-свечения жидкостей},
    author      =   {Вавилов, С.И.},
    journal     =   {ДАН СССР},
    volume      =   {2},
    number      =   {8},
    pages       =   {457--461},
    numpages    =   {4},
    year        =   {1934},
    language    =   {russian}
}

@article{TammFrank37,
    title       =   {Когерентное излучение быстрого электрона в среде},
    author      =   {Тамм, И.Е. and Франк, И.М.},
    journal     =   {ДАН СССР},
    volume      =   {14},
    number      =   {3},
    pages       =   {107--112},
    numpages    =   {6},
    year        =   {1937},
    language    =   {russian}
}

@article{Cherenkov1959,
	author = {Черенков, П.А.},
	title = {Излучение частиц сверхсветовой скорости и некоторые применения этого излучения в экспериментальной физике},
	publisher = {Успехи физических наук},
	year = {1959},
	journal = {УФН},
	volume = {68},
	number = {7},
	pages = {377--386},
	doi = {10.3367/UFNr.0068.195907b.0377},
    language    =   {russian}
}

@article{Tamm1959,
	author = {Тамм, И.Е.},
	title = {Общие свойства излучения, испускаемого системами, движущимися со сверхсветовыми скоростями, и некоторые приложения к физике плазмы},
	publisher = {Успехи физических наук},
	year = {1959},
	journal = {УФН},
	volume = {68},
	number = {7},
	pages = {387--396},
	doi = {10.3367/UFNr.0068.195907c.0387},
    language    =   {russian}
}

@article{Frank1959,
	author = {Франк, И.М.},
	title = {Оптика источников света, движущихся в преломляющих средах},
	publisher = {Успехи физических наук},
	year = {1959},
	journal = {УФН},
	volume = {68},
	number = {7},
	pages = {397--415},
    language    =   {russian},
	doi = {10.3367/UFNr.0068.195907d.0397}
}




@article{TyuPRE08,
    title       =   {Vavilov-Cherenkov radiation in passive and active media with complex resonant dispersion},
    author      =   {Tyukhtin, Andrey V. and Galyamin, Sergey N.},
    journal     =   {Phys. Rev. E},
    volume      =   {77},
    issue       =   {6},
    pages       =   {066606},
    numpages    =   {8},
    year        =   {2008},
    month       =   {Jun},
    doi         =   {10.1103/PhysRevE.77.066606},
    url         =   {http://link.aps.org/doi/10.1103/PhysRevE.77.066606},
    publisher   =   {American Physical Society},
}


@ARTICLE{Kan10,
    author      =   {Alex Kanareykin},
    journal     =   {J. Phys. Conf. Ser.},
    year        =   {2010},
    volume      =   {236},
    pages       =   {012032},
}

@ARTICLE{PRL08,
  author        =   {M. C. Thompson and H. Badakov and A.M. Cook and J. B. Rosenzweig and R. Tikhoplav and G. Travish and I. Blumenfeld and M. J. Hogan and R. Ischebeck and N. Kirby and R. Siemann and D. Walz and P. Muggli and A. Scott and R. B. Yoder},
  journal       =   {Phys. Rev. Lett.},
  year          =   {2008},
  volume        =   {100},
  pages         =   {214801},
}

@ARTICLE{Lu03,
  author        =   {J. Lu and T. M. Grzegorczyk and Y. Zhang and J. P. Jr and B. I. Wu and J. A. Kong},
  journal       =   {Opt. Express},
  year          =   {2003},
  volume        =   {11},
  pages         =   {723},
}

@ARTICLE{Averkov08,
  author        =   {Yu. O. Averkov and A. V. Kats and V. M. Yakovenko},
  journal       =   {Phys. Rev. B},
  year          =   {2009},
  volume        =   {79},
  pages         =   {193402},
}

@ARTICLE{GalPRL09,
  author        =   {S. N. Galyamin and Andrey V. Tyukhtin and Alex Kanareykin and P. Schoessow},
  journal       =   {Phys. Rev. Lett.},
  year          =   {2009},
  volume        =   {103},
  pages         =   {194802},
}

@ARTICLE{Duan09,
  author        =   {Z.Y. Duan and B.-I. Wu and S. Xi and H. S. Chen and M. Chen},
  journal       =   {Prog. Electromagn. Res.},
  year          =   {2009},
  volume        =   {90},
  pages         =   {75},
}



@article{GalPRB10,
  title         =   {Electromagnetic field of a moving charge in the presence of a left-handed medium},
  author        =   {Galyamin, Sergey N. and Tyukhtin, Andrey V.},
  journal       =   {Phys. Rev. B},
  volume        =   {81},
  issue         =   {23},
  pages         =   {235134},
  numpages      =   {14},
  year          =   {2010},
  month         =   {Jun},
  doi           =   {10.1103/PhysRevB.81.235134},
  url           =   {http://link.aps.org/doi/10.1103/PhysRevB.81.235134},
  publisher     =   {American Physical Society},
}


@ARTICLE{BelJOSA11,
  author        =   {E. S. Belonogaya and S. N. Galyamin and Andrey V. Tyukhtin},
  journal       =   {J. Opt. Soc. Am. B},
  year          =   {2011},
  volume        =   {28},
  pages         =   {2871},
}

@ARTICLE{GalPRE11,
  author        =   {S. N. Galyamin and Andrey V. Tyukhtin},
  journal       =   {Phys. Rev. E},
  year          =   {2011},
  volume        =   {84},
  pages         =   {056608},
}

@ARTICLE{BelovPRB03,
  author        =   {P. A. Belov and R. Marqu'es and S. I. Maslovski and I. S. Nefedov and M. Silveirinha and C. R. Simovski and S. A. Tretyakov},
  journal       =   {Phys. Rev. B},
  year          =   {2003},
  volume        =   {67},
  pages         =   {113103},
}

@ARTICLE{Pendry08,
  author        =   {A. Demetriadou and J. B. Pendry},
  journal       =   {J. Phys. Condens. Matter},
  year          =   {2008},
  volume        =   {20},
  pages         =   {295222},
}


@article{TyuJPD11,
  author        =   {Andrey V Tyukhtin and Emma G Doilnitsina},
  title         =   {Effective permittivity of a metamaterial from coated wires},
  journal       =   {Journal of Physics D: Applied Physics},
  volume        =   {44},
  number        =   {26},
  pages         =   {265401},
  url           =   {http://stacks.iop.org/0022-3727/44/i=26/a=265401},
  year          =   {2011},
  }

@article{TyuPRSTAB12,
  title         =   {Determination of the particle energy in a waveguide with a thin dielectric layer},
  author        =   {Tyukhtin, Andrey V.},
  journal       =   {Phys. Rev. ST Accel. Beams},
  volume        =   {15},
  issue         =   {10},
  pages         =   {102801},
  numpages      =   {6},
  year          =   {2012},
  month         =   {Oct},
  publisher     =   {American Physical Society},
  doi           =   {10.1103/PhysRevSTAB.15.102801},
  url           =   {http://link.aps.org/doi/10.1103/PhysRevSTAB.15.102801},
  }



@ARTICLE{MasPRB12,
  title         =   {Cherenkov emission in a nanowire material},
  author        =   {Fernandes, David E. and Maslovski, Stanislav I. and Silveirinha, M\'ario G.},
  journal       =   {Phys. Rev. B},
  volume        =   {85},
  issue         =   {15},
  pages         =   {155107},
  numpages      =   {13},
  year          =   {2012},
  month         =   {Apr},
  publisher     =   {American Physical Society},
  doi           =   {10.1103/PhysRevB.85.155107},
  url           =   {http://link.aps.org/doi/10.1103/PhysRevB.85.155107}
}


@ARTICLE{MasMOTL02,
  title =           {Wire Media With Negative Effective Permittivity:A Quasi-Static Model},
  author =          {S. I. Maslovski and S. A. Tretyakov and Belov, Pavel A.},

  journal =         {Microw. Opt. Technol. Lett.},
  year =            {2002},
  volume =          {35},
  pages  =          {47-51},
  doi =             {10.1002/mop.10512},
}

@ARTICLE{BelovJEWA02,
  author =       {P. A. Belov and S.A. Tretyakov and A. J. Viitanen},

  journal =      {J. Electromagn. Waves Appl.},
  year =         {2002},
  volume =       {16},
  pages =       {1153},
}

@CONFERENCE{Dewar,
  author =       {G. Dewar},
  booktitle =    {Complex Mediums V: Light and Complexity},
  year =         {2004},
  volume =       {5508},
  series =       {SPIE Proceedings},
  pages  =       {158},
  address =      {Bellingham, WA},
  publisher =    {SPIE-International Society for Optical Engineering},
}


@ARTICLE{BarsVUZ65,
    year        =   {1965},
    issn        =   {0097-1545},
    journal     =   {Soviet Radiophysics},
    volume      =   {8},
    number      =   {5},
    doi         =   {10.1007/BF01038826},
    title       =   {Transient radiation at an anisotropically conducting plane},
    url         =   {http://dx.doi.org/10.1007/BF01038826},
    publisher   =   {Kluwer Academic Publishers-Plenum Publishers},
    author      =   {Barsukov, K. A. and Naryshkina, L. G.},
    pages       =   {667-671},
    language    =   {English}
}


@ARTICLE{BarsVUZ67,
    year        =   {1967},
    issn        =   {0033-8443},
    journal     =   {Radiophysics and Quantum Electronics},
    volume      =   {10},
    number      =   {4},
    doi         =   {10.1007/BF01041023},
    title       =   {Radiation of a charge moving above a plane boundary of a dielectric with anisotropic conductivity},
    url         =   {http://dx.doi.org/10.1007/BF01041023},
    publisher   =   {Kluwer Academic Publishers-Human Sciences Press},
    author      =   {Barsukov, K. A. and Naryshkina, L. G.},
    pages       =   {276-280},
    language    =   {English}
}
  	
@article{Rozov81,
  author        =   {V A Rozov and S A Tretyakov},
  title         =   {Diffraction of plane electromagnetic waves by a semi-infinite grid of parallel conductors},
  journal       =   {Radioeng. Electron. Phys.},
  volume        =   {26},
  issue         =   {11},
  pages         =   {6},
  numpages      =   {10},
  year          =   {1981}
}
  	
@article{Rozov88,
  author        =   {V A Rozov},
  title         =   {Electromagnetic wave diffraction by a half-plane and a strip formed by parallel wires},
  journal       =   {Radiophysics and Quantum Electronics},
  volume        =   {31},
  number        =   {4},
  pages         =   {338--347},
  year          =   {1988},
  issn          =   {1573-9120},
  doi           =   {10.1007/BF01034458},
  url           =   {http://dx.doi.org/10.1007/BF01034458}
}

@ARTICLE{KrasVUZ90,
    year=           {1990},
    issn=           {0033-8443},
    journal=        {Radiophysics and Quantum Electronics},
    volume=         {33},
    number=         {11},
    doi=            {10.1007/BF01039238},
    title=          {Radiation of a charge intersecting a system of thin parallel wires},
    url=            {http://dx.doi.org/10.1007/BF01039238},
    publisher=      {Kluwer Academic Publishers-Plenum Publishers},
    author=         {Krasil'nikov, Vladimir N. and Tyukhtin, Andrey V.},
    pages=          {945-950},
    language=       {English}
}


@ARTICLE{Bolot04,
    year        =   {2004},
    issn        =   {1063-7761},
    journal     =   {Journal of Experimental and Theoretical Physics},
    volume      =   {98},
    number      =   {6},
    doi         =   {10.1134/1.1777622},
    title       =   {Transition radiation in a system of two cascaded gratings},
    url         =   {http://dx.doi.org/10.1134/1.1777622},
    publisher   =   {Nauka/Interperiodica},
    author      =   {Bolotovskii, B.M. and Serov, A.V.},
    pages       =   {1109-1115},
    language    =   {English}
}


@CONFERENCE{Papad09,
  author =       {C. F. Papadopoulos and R.B. Fiorito and R.A. Kishek and P.G. O'Shea and A.G. Shkvarunets and M.E. Conde and W. Gai and J.G. Power},
  booktitle =    {Proceedings of Particle Accelerator Conference 2009},
  year =         {2009},
  pages  =       {4072-4074},
  address =      {Vancouver, BC, Canada},
  publisher =    {JACoW.org},
}
  	
@article{Potyl10,
  author        =   {A P Potylitsyn and Yu A Popov and L G Sukhikh and G A Naumenko and M V Shevelev},
  title         =   {Investigation of coherent Cerenkov radiation generated by 6.1 MeV electron beam passing near the dielectric target},
  journal       =   {Journal of Physics: Conference Series},
  volume        =   {236},
  number        =   {1},
  pages         =   {012025},
  url           =   {http://stacks.iop.org/1742-6596/236/i=1/a=012025},
  year          =   {2010},
  abstract      =   {Coherent Cerenkov radiation generated by the 6.1 MeV bunched electron beam travelling near dielectric target (teflon) have been investigated theoretically and experimentally. It has been shown that the longitudinal bunch form-factor plays important role in the characteristics of coherent Cerenkov radiation. We have also compared the characteristics of coherent Cerenkov radiation and the ones of coherent diffraction radiation from a metal target in the similar conditions and have shown that coherent Cerenkov radiation is more intensive. These facts make coherent Cerenkov radiation a promising mechanism for a new noninvasive beam diagnostic technique.}
}

@article{Soboleva15,
  title         =   {Radiation of relativistic electrons in a periodic wire structure},
  journal       =   {Nuclear Instruments and Methods in Physics Research Section B: Beam Interactions with Materials and Atoms},
  volume        =   {355},
  number        =   {},
  pages         =   {132 - 134},
  year          =   {2015},
  issn          =   {0168-583X},
  doi           =   {http://dx.doi.org/10.1016/j.nimb.2015.03.052},
  url           =   {http://www.sciencedirect.com/science/article/pii/S0168583X15002712},
  author        =   {Soboleva, V V  and Naumenko, G A and Bleko, V V},
  keywords      =   {Cherenkov radiation},
  keywords      =   {Transition radiation},
  keywords      =   {Wire metamaterials},
  keywords      =   {Millimeter wave}
}

@article{Naumenko15,
  author        =   {G. A. Naumenko and V. V. Bleko and V. V. Soboleva and A. O. Shumeyko},
  title         =   {Coherent Transition Radiation from Wire Metamaterials},
  journal       =   {Advanced Materials Research},
  volume        =   {1084},
  number        =   {},
  pages         =   {213 - 216},
  year          =   {2015},
  doi           =   {10.4028/www.scientific.net/AMR.1084.213},
  url           =   {http://www.scientific.net/AMR.1084.213},
  keywords      =   {Cherenkov radiation},
  keywords      =   {Transition radiation},
  keywords      =   {Wire metamaterials},
  keywords      =   {Millimeter wave}
}

@Article{BarsukovBekova71,
  author        =   {Barsukov, K. A. and Bekova, S. Kh.},
  title         =   {On the effect of the edge of a retarding half-plane on the radiation from a charged particle that moves parallel to this edge},
  journal       =   {Radiophysics and Quantum Electronics},
  volume        =   {14},
  number        =   {6},
  pages         =   {739--742},
  year          =   {1971},
  issn          =   {1573-9120},
  doi           =   {10.1007/BF01033188"},
  url           =   {http://dx.doi.org/10.1007/BF01033188}
}

@article{PhysRevLett.110.184801,
  title         =   {3D Quasioptical Theory of Terahertz Superradiance of an Extended Electron Bunch Moving Over a Corrugated Surface},
  author        =   {Ginzburg, N. S. and Malkin, A. M. and Sergeev, A. S. and Zotova, I. V. and Zaslavsky, V. Yu. and Zheleznov, I. V.},
  journal       =   {Phys. Rev. Lett.},
  volume        =   {110},
  issue         =   {18},
  pages         =   {184801},
  numpages      =   {5},
  year          =   {2013},
  month         =   {May},
  publisher     =   {American Physical Society},
  doi           =   {10.1103/PhysRevLett.110.184801},
  url           =   {http://link.aps.org/doi/10.1103/PhysRevLett.110.184801}
}
